@Article{刘炜2013,
  author  = {刘炜},
  journal = {中国医药指南},
  title   = {48例肝内门静脉癌栓的超声诊断价值的探讨},
  year    = {2013},
  number  = {32},
  pages   = {2},
  volume  = {11},
  comment = {为了熟悉使用JabRef而在百度学术上随便copy bibtex的一个文献},
}

@Article{天才琪露诺2021,
  author  = {天才琪露诺},
  journal = {知乎},
  title   = {离散化连续——一类递推数列估阶通法},
  year    = {2021},
}

@Article{111,
  author  = {高等教育出版社},
  journal = {高等教育出版社},
  title   = {中国近现代史纲要},
  year    = {2024},
}

@Article{222,
  author  = {蒋廷黻},
  journal = {高等教育出版社},
  title   = {《中国近代史》},
}

@Article{陈旭麓,
  author  = {陈旭麓},
  journal = {高等教育出版社},
  title   = {《近代中国社会的新陈代谢》},
}

@Article{徐中约,
  author  = {徐中约},
  journal = {高等教育出版社},
  title   = {《中国近代史》},
}

@Comment{jabref-meta: databaseType:bibtex;}
