@Article{QLN2021,
  author  = {天才琪露诺},
  journal = {知乎},
  title   = {离散化连续——一类递推数列估阶通法},
  year    = {2021},
}

@Article{SweetPastry'stry,
  author  = {Sweet Pastry},
  journal = {Sweet Pastry's own book},
  title   = {How to make delicous sweetpastry?},
  year    = {2023},
}

@Article{GDJ,
  author  = {郭大钧},
  journal = {高等教育出版社},
  title   = {数学分析},
  year    = {2015},
}

@Article{PCD,
  author  = {潘承洞},
  journal = {高等教育出版社},
  title   = {阶的估计基础},
  year    = {2015},
}

@Article{T,
  author  = {Tesstanshiny},
  journal = {知乎},
  title   = {连分数展开},
  year    = {2022},
}

@Comment{jabref-meta: databaseType:bibtex;}
